@article{p1,
  author  = {John Smith},
  title   = {Title of the publication},
  journal = {Journal Name},
  year    = {2012},
  volume  = {12},
  number  = {3},
  pages   = {45--678}
}

@inbook{camadaIoT,
author = {Santana, Cleber and Andrade, Leandro and Mello, Brenno and Sampaio, José and Batista, Ernando and Prazeres, Cássio},
year = {2019},
month = {10},
pages = {77-118},
title = {Teoria e Prática de Microserviços Reativos: Um Estudo de Caso na Internet das Coisas},
isbn = {9788576694816},
doi = {10.5753/sbc.481.6.03},
publisher = {bla}
}